@misc{https://doi.org/10.48550/arxiv.2208.00251,
  doi = {10.48550/ARXIV.2208.00251},
  url = {https://arxiv.org/abs/2208.00251},
  author = {Davenport, Samuel and Nichols, Thomas E. and Schwarzman, Armin},
  keywords = {Statistics Theory (math.ST), FOS: Mathematics, FOS: Mathematics},
  title = {Confidence regions for the location of peaks of a smooth random field},
  publisher = {arXiv},
  year = {2022},
  copyright = {Creative Commons Attribution 4.0 International}
}
@misc{https://doi.org/10.48550/arxiv.2201.02743,
  doi = {10.48550/ARXIV.2201.02743},
  url = {https://arxiv.org/abs/2201.02743},
  author = {Maullin-Sapey, Thomas and Schwartzman, Armin and Nichols, Thomas E.},
  keywords = {Methodology (stat.ME), Statistics Theory (math.ST), FOS: Computer and information sciences, FOS: Computer and information sciences, FOS: Mathematics, FOS: Mathematics},
  title = {Spatial Confidence Regions for Combinations of Excursion Sets in Image Analysis},
  publisher = {arXiv},
  year = {2022},
  copyright = {Creative Commons Attribution 4.0 International}
}
@article{Bowring2021,
title = {Confidence Sets for Cohen’s d effect size images},
journal = {NeuroImage},
volume = {226},
pages = {117477},
year = {2021},
issn = {1053-8119},
doi = {https://doi.org/10.1016/j.neuroimage.2020.117477},
author = {Alexander Bowring and Fabian J.E. Telschow and Armin Schwartzman and Thomas E. Nichols},
keywords = {Confidence sets, fMRI, Task fmri, Cohen’s , Effect sizes}
}
@article{Bowring2019,
title = {Spatial confidence sets for raw effect size images},
journal = {NeuroImage},
volume = {203},
pages = {116187},
year = {2019},
issn = {1053-8119},
doi = {https://doi.org/10.1016/j.neuroimage.2019.116187}
}
@article{SSS,
author = {Max Sommerfeld and Stephan Sain and Armin Schwartzman},
title = {Confidence Regions for Spatial Excursion Sets From Repeated Random Field Observations, With an Application to Climate},
journal = {Journal of the American Statistical Association},
volume = {113},
number = {523},
pages = {1327-1340},
year  = {2018},
publisher = {Taylor & Francis},
doi = {10.1080/01621459.2017.1341838},
}
@article{MaullinSapey2021,
author={Maullin-Sapey, Thomas
and Nichols, Thomas E.},
title={Fisher Scoring for crossed factor linear mixed models},
journal={Statistics and Computing},
year={2021},
month={Jul},
day={19},
volume={31},
number={5},
pages={53},
issn={1573-1375},
doi={10.1007/s11222-021-10026-6},
}
@article{MAULLINSAPEY2022119729,
title = {BLMM: Parallelised computing for big linear mixed models},
journal = {NeuroImage},
volume = {264},
pages = {119729},
year = {2022},
issn = {1053-8119},
doi = {https://doi.org/10.1016/j.neuroimage.2022.119729},
url = {https://www.sciencedirect.com/science/article/pii/S1053811922008503},
author = {Thomas Maullin-Sapey and Thomas E. Nichols}
}
@article{GUILLAUME2014287,
title = {Fast and accurate modelling of longitudinal and repeated measures neuroimaging data},
journal = {NeuroImage},
volume = {94},
pages = {287-302},
year = {2014},
issn = {1053-8119},
doi = {https://doi.org/10.1016/j.neuroimage.2014.03.029},
url = {https://www.sciencedirect.com/science/article/pii/S1053811914001761},
author = {Bryan Guillaume and Xue Hua and Paul M. Thompson and Lourens Waldorp and Thomas E. Nichols},
keywords = {Longitudinal Modelling, Sandwich Estimator, Marginal Modelling, ADNI}
}
@article{Guillaume2017,
author = "Bryan Guillaume and Thomas Nichols and The ADNI",
title = "{Non-parametric Inference for Longitudinal and Repeated-Measures Neuroimaging Data with the Wild Bootstrap}",
year = "2017",
month = "10",
url = "https://figshare.com/articles/poster/Non-parametric_Inference_for_Longitudinal_and_Repeated-Measures_Neuroimaging_Data_with_the_Wild_Bootstrap/5478229",
doi = "10.6084/m9.figshare.5478229.v1"
}
@article{guillaume2015accurate,
  title={Accurate non-iterative modelling and inference of longitudinal neuroimaging data},
  author={Guillaume, Bryan},
  year={2015},
  publisher={ULi{\`e}ge-Universit{\'e} de Li{\`e}ge [M{\'e}decine v{\'e}t{\'e}rinaire]}
}
@article{article,
author = {Maumet, Camille and Thomas, Nichols},
year = {2014},
month = {08},
pages = {},
title = {IBMA: An SPM toolbox for NeuroImaging Image-Based Meta-Analysis},
volume = {8},
journal = {Frontiers in Neuroinformatics},
doi = {10.3389/conf.fninf.2014.18.00025}
}
﻿@Article{Maumet2016,
author={Maumet, Camille
and Auer, Tibor
and Bowring, Alexander
and Chen, Gang
and Das, Samir
and Flandin, Guillaume
and Ghosh, Satrajit
and Glatard, Tristan
and Gorgolewski, Krzysztof J.
and Helmer, Karl G.
and Jenkinson, Mark
and Keator, David B.
and Nichols, B. Nolan
and Poline, Jean-Baptiste
and Reynolds, Richard
and Sochat, Vanessa
and Turner, Jessica
and Nichols, Thomas E.},
title={Sharing brain mapping statistical results with the neuroimaging data model},
journal={Scientific Data},
year={2016},
month={Dec},
day={06},
volume={3},
number={1},
pages={160102},
doi={10.1038/sdata.2016.102},
url={https://doi.org/10.1038/sdata.2016.102}
}
