@inproceedings{maullin2024prds,
  title={Positive Regression Dependency and the False Discovery Rate},
  author={Maullin-Sapey, Thomas},
  booktitle={NeuroImaging Statistics Oxford (NISOx) Reading Group},
  year={2024},
  month={February},
  day={19},
  abstract={This talk is about the Positive Regression Dependency on any given Subset (PRDS) assumption in False Discovery Rate (FDR) control. It was originally given in the NeuroImaging Statistics Oxford (NISOx) reading group on the 19th February 2024.},
  img={./img/talks/2024_prds.png},
  url={https://doi.org/10.6084/m9.figshare.25709781.v1}
}
@inproceedings{maullin2024tes,
  title={Small Sample Studies in fMRI Neuroscience},
  author={Maullin-Sapey, Thomas},
  booktitle={Thematic Einstein Seminar (TES) series on small data analysis, Zuse Institute Berlin (ZIB).},
  year={2024},
  month={January},
  day={18},
  abstract={This talk is about small data analysis in fMRI neuroscience. It was originally presented for the Thematic Einstein Seminar (TES) series on small data analysis, Zuse Institute Berlin (ZIB) on January 18th, 2024.},
  img={./img/talks/2024_tes.png},
  url={https://doi.org/10.6084/m9.figshare.25709778.v1}
}
@inproceedings{maullin2022blmm2,
  title={BLMM: A toolbox for parameter estimation and inference on big linear mixed models on NeuroImaging data},
  author={Maullin-Sapey, Thomas},
  booktitle={University of California Spatial Statistics Reading Group},
  year={2022},
  month={November},
  day={10},
  abstract={This talk is about BLMM, a Python toolbox for parameter estimation and inference on big linear mixed models on NeuroImaging data. It was originally presented for the university of California spatial statistics reading group on November 10th, 2022.},
  img={./img/talks/2022_cali2.png},
  url={https://doi.org/10.6084/m9.figshare.21892947.v1}
}
@inproceedings{maullin2022rapidfire,
  title={Rapid Fire Introduction to Spatial Confidence Regions},
  author={Maullin-Sapey, Thomas},
  booktitle={Royal Statistical Society Rapid Fire Sessions},
  year={2022},
  month={September},
  day={13},
  abstract={This rapid-fire talk aims to provide an introduction to spatial confidence regions. It was first presented at the Royal Statistical Society (RSS) rapid-fire session held on September 13th, 2022.},
  img={./img/talks/2022_rss.png},
  url={https://doi.org/10.6084/m9.figshare.21892980.v1}
}
@inproceedings{maullin2022samrg,
  title={Spatial Confidence Regions Methods and Proof},
  author={Maullin-Sapey, Thomas},
  booktitle={University of California Spatial Statistics Reading Group},
  year={2022},
  month={June},
  day={2},
  abstract={This talk was given on spatial confidence regions at the university of California spatial statistics reading group on June 2nd, 2022. In this talk, theory is emphasized over application.},
  img={./img/talks/2022_cali.png},
  url={https://doi.org/10.6084/m9.figshare.21892998.v1}
}
@inproceedings{maullin2022tensors,
  title={Tensors: What is a Tensor? (And why learn about them?)},
  author={Maullin-Sapey, Thomas},
  booktitle={NISOx Reading Group},
  year={2022},
  month={May},
  day={11},
  abstract={This talk served as an introductory overview of tensors, focusing on what they are and why they are worth learning about. The intended audience was applied statisticians, and the talk was presented at NISOx Reading Group on May 11th, 2022.},
  img={./img/talks/2022_nisox.png},
  url={https://doi.org/10.6084/m9.figshare.21893007.v1}
}
@inproceedings{maullin2020blmm1,
  title={BLMM: A framework for distributed computation of big linear mixed models on NeuroImaging data},
  author={Maullin-Sapey, Thomas},
  booktitle={FMRIb Reading Group},
  year={2020},
  month={February},
  day={25},
  abstract={This talk was given on BLMM, a framework for distributed computation of big linear mixed models on NeuroImaging data, and was presented at the FMRIb Reading Group on February 25th, 2020.},
  img={./img/talks/2020_fmrib.png},
  url={https://doi.org/10.6084/m9.figshare.21893010.v1}
}
@inproceedings{maullin2019ph,
  title={Persistent Homology: Introduction and examples},
  author={Maullin-Sapey, Thomas},
  booktitle={NISOx Reading Group},
  year={2019},
  month={March},
  day={19},
  abstract={This talk served as an introduction to the subject of persistent homology. Throughout, the talk several examples of the use of persistent homology are given and particular emphasis is placed on the paper Clique topology reveals intrinsic geometric structure in neural correlations (2015) by Chad Giusti, Eva Pastalkova, Carina Curto, and Vladimir Itskov. This talk was given at the NISOx Reading Group on March 19th, 2019.},
  img={./img/talks/2019_nisox.png},
  url={https://doi.org/10.6084/m9.figshare.21893019.v1}
}
@inproceedings{nichols2018swe,
  title={SwE-Toolbox: Fast and accurate modelling of longitudinal neuroimaging data},
  author={Nichols, Thomas and Guillaume, Bryan and Maullin-Sapey, Thomas},
  booktitle={University of Oxford},
  year={2018},
  month={June},
  day={29},
  abstract={This talk was given on the SwE-Toolbox; a tool for fast and accurate modelling of longitudinal neuroimaging data. The slides were first presented at the university of Oxford on June 29th, 2018.},
  url={https://doi.org/10.6084/m9.figshare.6723806.v1},
  img={./img/talks/2018_oxford.png}
}
@inproceedings{maullin2017readinggroup,
  title={Visualisation and Integration of Multiple Brain Imaging Studies},
  author={Maullin-Sapey, Thomas},
  booktitle={Warwick Neuroimaging Statistics Research Reading Group},
  year={2017},
  month={February},
  day={23},
  abstract={This talk was given on the image-based meta-analysis (IBMA) toolbox; an extension of SPM designed to synthesize the results of multiple studies and detect publication bias in results. This presentation was first given at the Warwick neuroimaging statistics research reading group on February 23rd, 2017.},
  img={./img/talks/2017_nisrw.png},
  url={https://doi.org/10.6084/m9.figshare.21893034.v1}
}